@book{strang,
	author    = "Gilbert Strang and Truong Nguyen",
	title     = "Wavelets and Filter Banks",
	year      = "1997",
	publisher = "Wellesley Cambridge Press"
}

@book{burrus,
	author    = "Sidney Burrus and Ramesh Gopinath and Haitao Guo",
	title     = "Introduction to Wavelets and Wavelet Transformations: A Primer",
	year      = "1998",
	publisher = "Prentice Hall"
}

@book{daub,
	author = "Ingrid Daubechies",
	title  = "Ten Lectures on Wavelets",
	year   = "1992",
	publisher = "Society for Industry and Applied Mathematics"
}

@book{goswami,
	author = "Jaideva Goswami and Andrew Chan",
	title  = "Fundamentals of Wavelets: Theory, Algorithms, and Applications",
	year   = "1999",
	publisher = "John Wiley and Sons"
}

@book{mallat,
	author = "St\'{e}phane Mallat",
	title  = "A Wavelet Tour of Signal Processing",
	year   = "1999",
	publisher = "Academic Press"
}

@article{strangwavelets,
	author  = "Gilbert Strang",
	title   = "Wavelets",
	year    = "1992",
	pages   = "250--255",
	journal = "American Scientist",
	volume  = "82"
}

@article{ecg,
	author  = "Tatiparti Padma and Madhavi Latha and Abrar Ahmed",
	title   = "ECG compression and labview implementation",
	year    = "2009",
	pages   = "177--183",
	journal = "Journal of Biomedical Science and Engineering",
}

@online{waveletbrowser,
	author = "Filip Wasilewski",
	title = "Wavelet Properties Browser",
	year = "2008",
	howpublished = {\url{http://wavelets.pybytes.com/}},
	note = {Accessed: 2014-12-10}
}

@online{pywavelets,
	author = "Filip Wasilewski",
	title = "PyWavelets - Discrete Wavelet Transform in Python",
	year = "2012",
	howpublished = {\url{http://wavelets.pybytes.com/}},
	note = {Accessed: 2014-12-10}
}

@online{wavelettoolbox,
	author = "The Mathworks",
	title = "Wavelet Toolbox",
	howpublished = {\url{http://www.mathworks.com/products/wavelet/}},
	note = {Accessed: 2014-12-10}
}

@phdthesis{haar,
	author = {Alfr\'{e}d Haar},
	title = "Zur Theorie der orthogonalen Funktionensysteme [On the Theory of Orthogonal Function Systems]",
	school = "University of GÃ¶ttingen",
	year = "1909",
	note = {(Translation by Georg Zimmermann)}
}

@online{hilbert,
	author = "American Mathematical Society",
	title = "The Mathematics Genealogy Project -- Alfred Haar",
	howpublished = {\url{http://www.genealogy.ams.org/id.php?id=7375}},
	note = {Accessed: 2014-12-14}
}

@online{physionet,
	author = "PhysioNet",
	title = "PhysioBank ATM",
	howpublished = {\url{ http://www.physionet.org/cgi-bin/atm/ATM}},
	note = {Accessed: 2014-11-29}
}

@inproceedings{nguyenecg,
	author  = "Adrianus Djohan and Truong Nguyen and Willis Tompkins",
	title   = "ECG compression using discrete symmetric wavelet transform",
	year    = "1995",
	pages   = "167--168",
	booktitle = "IEEE Engineering in Medicine and Biology, Theme 1: Cardiovascular System",
}

% https://www.math.ucdavis.edu/~hunter/book/pdfbook.html
